%
% BibTex Database
% ===========================================================================
% This is part of the document "Project documentation template".
% Authors: brd3
%

@inproceedings{hateoffensive,
  title = {Automated Hate Speech Detection and the Problem of Offensive Language},
  author = {Davidson, Thomas and Warmsley, Dana and Macy, Michael and Weber, Ingmar}, 
  booktitle = {Proceedings of the 11th International AAAI Conference on Web and Social Media},
  series = {ICWSM '17},
  year = {2017},
  location = {Montreal, Canada},
  pages = {512-515}
  }

@inproceedings{waseem-hovy,
  author    = {Waseem, Zeerak  and  Hovy, Dirk},
  title     = {Hateful Symbols or Hateful People? Predictive Features for Hate Speech Detection on Twitter},
  booktitle = {Proceedings of the NAACL Student Research Workshop},
  month     = {June},
  year      = {2016},
  address   = {San Diego, California},
  publisher = {Association for Computational Linguistics},
  pages     = {88--93},
  url       = {http://www.aclweb.org/anthology/N16-2013}
}

@inproceedings{waseem,
  author    = {Waseem, Zeerak},
  title     = {Are You a Racist or Am I Seeing Things? Annotator Influence on Hate Speech Detection on Twitter},
  booktitle = {Proceedings of the First Workshop on NLP and Computational Social Science},
  month     = {November},
  year      = {2016},
  address   = {Austin, Texas},
  publisher = {Association for Computational Linguistics},
  pages     = {138--142},
  url       = {http://aclweb.org/anthology/W16-5618}
}

@misc{analyticsvidhya,
  author    = {Analytics Vidhya},
  title     = {Twitter Sentiment Analysis},
  url       = {https://datahack.analyticsvidhya.com/contest/practice-problem-twitter-sentiment-analysis/}
}

@book{ageron,
	author = {Aur\'elien G\'eron},
	title = {Hands-On Machine Learning with Scikit-Learn \& TensorFlow},  
	pages     = {33--78},
	publisher = {O'Reilly},
	volume = {1},
	year = {2017},
	isbn = {9781491962299}
}


@book{kopka:band1,
	author = {Helmut Kopka},
	title = {\LaTeX, Band 1: Eine Einführung},
	publisher = {Pearson Studium},
	journal = {Operations Research},
	volume = {3},
	year = {2002},
	isbn = {3827370388}
}

@booklet{raichle:bibtex_programmierung,
  title = {Einführung in die {BibTeX}-{P}rogrammierung},
  author = {Bernd Raichle},
  year = {2002},
  institution = {DANTE},
  url = {http://www.dante.de/dante/events/dante2002/handouts/raichle-bibtexprog.pdf}
}

@misc{MiKTeX,
  author = {Christian Schenk},
  title = {{MiKTeX Project Page}},
  url = {http://www.miktex.org/},
}

@misc{roc,
  author = {MedCalc Software bvba},
  title = {{ROC curve analysis}},
  url = {https://www.medcalc.org/manual/roc-curves.php},
}

@misc{mnb,
  author = {Syed Sadat Nazrul},
  title = {{Multinomial Naive Bayes Classifier for Text Analysis (Python)}},
  url = {https://towardsdatascience.com/multinomial-naive-bayes-classifier-for-text-analysis-python-8dd6825ece67},
  month     = {April},
  year      = {2018},
}

@misc{svm,
  author = {Sunil Ray},
  title = {{Understanding Support Vector Machine algorithm from examples (along with code)}},
  url = {https://www.analyticsvidhya.com/blog/2017/09/understaing-support-vector-machine-example-code/},
  month     = {Sepetmber},
  year      = {2017},
}

@misc{lr,
  author    = {Christoph Molnar},
  title     = {Interpretable Machine Learning},
  month     = {April},
  year      = {2019},
  publisher = { leanpub.com},
  pages     = {chapter 4.2},
  url       = {https://christophm.github.io/interpretable-ml-book/index.html}
}

@misc{lstm,
  author    = {Christopher Olah},
  title     = {Understanding LSTM Networks},
  month     = {August},
  year      = {2017},
  url       = {http://colah.github.io/posts/2015-08-Understanding-LSTMs/}
}

@misc{keras,
  title     = {Keras: The Python Deep Learning library},
  url       = {https://keras.io/#why-this-name-keras}
}

@misc{pic_ngram,
  title     = {Ngrams explained},
  url       = {https://i.stack.imgur.com/8ARA1.png}
}

@misc{tfidf,
  title     = {TfidfVectorizer},
  url       = {https://scikit-learn.org/stable/modules/generated/sklearn.feature_extraction.text.TfidfVectorizer.html}
}
@misc{cvec,
  title     = {CountVectorizer},
  url       = {https://scikit-learn.org/stable/modules/generated/sklearn.feature_extraction.text.CountVectorizer.html}
}

@INPROCEEDINGS{7778967, 
author={D. {Li} and J. {Qian}}, 
booktitle={2016 First IEEE International Conference on Computer Communication and the Internet (ICCCI)}, 
title={Text sentiment analysis based on long short-term memory}, 
year={2016}, 
volume={}, 
number={}, 
pages={471-475}, 
keywords={emotion recognition;information retrieval;pattern classification;recurrent neural nets;sentiment analysis;recurrent neural networks;emotional attributes;emotion analysis;LSTM;sequence information;RNN language model;multiclassification;information extraction;text data;Internet;long short-term memory;text sentiment analysis;Logic gates;Motion pictures;Training;Sentiment analysis;Analytical models;Recurrent neural networks;History;sentiment analysis;RNN;LSTM}, 
doi={10.1109/CCI.2016.7778967}, 
ISSN={}, 
month={Oct},}

@misc{flask,
  author    = {Armin Ronacher},
  title     = {Flask, web development, one drop at a time},
  year      = {2010-2019},
  url       = {http://flask.pocoo.org}
}

@misc{flask_tut,
  author    = {Sayak Paul},
  title     = {Turning Machine Learning Models into APIs in Python},
  month     = {October},
  year      = {2018},
  url       = {https://www.datacamp.com/community/tutorials/machine-learning-models-api-python}
}
